@article{hinton2006reducing,
  title={Reducing the dimensionality of data with neural networks},
  author={Hinton, Geoffrey E and Salakhutdinov, Ruslan R},
  journal={Science},
  volume={313},
  number={5786},
  pages={504--507},
  year={2006},
  publisher={American Association for the Advancement of Science}
}

@inproceedings{ngiam2011multimodal,
  title={Multimodal deep learning},
  author={Ngiam, Jiquan and Khosla, Aditya and Kim, Mingyu and Nam, Juhan and Lee, Honglak and Ng, Andrew Y},
  booktitle={Proceedings of the 28th international conference on machine learning (ICML-11)},
  pages={689--696},
  year={2011}
}

@article{hardoon2004canonical,
  title={Canonical correlation analysis: An overview with application to learning methods},
  author={Hardoon, David R and Szedmak, Sandor and Shawe-Taylor, John},
  journal={Neural computation},
  volume={16},
  number={12},
  pages={2639--2664},
  year={2004},
  publisher={MIT Press}
}

@inproceedings{salakhutdinov2009deep,
  title={Deep boltzmann machines},
  author={Salakhutdinov, Ruslan and Hinton, Geoffrey E},
  booktitle={International Conference on Artificial Intelligence and Statistics},
  pages={448--455},
  year={2009}
}

@inproceedings{salakhutdinov2010efficient,
  title={Efficient learning of deep Boltzmann machines},
  author={Salakhutdinov, Ruslan and Larochelle, Hugo},
  booktitle={International Conference on Artificial Intelligence and Statistics},
  pages={693--700},
  year={2010}
}

@article{hinton2006fast,
  title={A fast learning algorithm for deep belief nets},
  author={Hinton, Geoffrey E and Osindero, Simon and Teh, Yee-Whye},
  journal={Neural computation},
  volume={18},
  number={7},
  pages={1527--1554},
  year={2006},
  publisher={MIT Press}
}

@inproceedings{andrew2013deep,
  title={Deep canonical correlation analysis},
  author={Andrew, Galen and Arora, Raman and Bilmes, Jeff and Livescu, Karen},
  booktitle={Proceedings of the 30th International Conference on Machine Learning},
  pages={1247--1255},
  year={2013}
}

@article{hinton2010practical,
  title={A practical guide to training restricted Boltzmann machines},
  author={Hinton, Geoffrey},
  journal={Momentum},
  volume={9},
  number={1},
  pages={926},
  year={2010}
}

@article{le2008representational,
  title={Representational power of restricted Boltzmann machines and deep belief networks},
  author={Le Roux, Nicolas and Bengio, Yoshua},
  journal={Neural computation},
  volume={20},
  number={6},
  pages={1631--1649},
  year={2008},
  publisher={MIT Press}
}

@inproceedings{salakhutdinov2007restricted,
  title={Restricted Boltzmann machines for collaborative filtering},
  author={Salakhutdinov, Ruslan and Mnih, Andriy and Hinton, Geoffrey},
  booktitle={Proceedings of the 24th international conference on Machine learning},
  pages={791--798},
  year={2007},
  organization={ACM}
}

@misc{deeptutorial,
  title = {Deep Learning Tutorial},
  howpublished = {\url{http://deeplearning.net/tutorial/deeplearning.pdf}},
  author={LISA lab, University of Montreal},
  note = {Accessed: 2015-11-18}
}

@article{saul1996mean,
  title={Mean field theory for sigmoid belief networks},
  author={Saul, Lawrence K and Jaakkola, Tommi and Jordan, Michael I},
  journal={Journal of artificial intelligence research},
  volume={4},
  number={1},
  pages={61--76},
  year={1996}
}

@inproceedings{salakhutdinov2007restricted,
  title={Restricted Boltzmann machines for collaborative filtering},
  author={Salakhutdinov, Ruslan and Mnih, Andriy and Hinton, Geoffrey},
  booktitle={Proceedings of the 24th international conference on Machine learning},
  pages={791--798},
  year={2007},
  organization={ACM}
}

@article{hinton1995wake,
  title={The "wake-sleep" algorithm for unsupervised neural networks},
  author={Hinton, Geoffrey E and Dayan, Peter and Frey, Brendan J and Neal, Radford M},
  journal={Science},
  volume={268},
  number={5214},
  pages={1158--1161},
  year={1995},
  publisher={American Association for the Advancement of Science}
}

@inproceedings{larochelle2008classification,
  title={Classification using discriminative restricted Boltzmann machines},
  author={Larochelle, Hugo and Bengio, Yoshua},
  booktitle={Proceedings of the 25th international conference on Machine learning},
  pages={536--543},
  year={2008},
  organization={ACM}
}

@misc{krizhevsky2009learning,
  title={Learning multiple layers of features from tiny images},
  author={Krizhevsky, Alex and Hinton, Geoffrey},
  year={2009},
  publisher={Citeseer}
}